<?xml version="1.0" encoding="UTF-8"?><collection xmlns="http://www.loc.gov/MARC21/slim"><record><leader>00338nam--2200133-i-4500</leader><controlfield tag="001">000027198</controlfield><controlfield tag="002">20161230</controlfield><controlfield tag="005">20161230201036</controlfield><controlfield tag="008">060222s1000------------r-----000-0-eng-d</controlfield><datafield ind1=" " ind2=" " tag="100"><subfield code="a">Kourin, G</subfield></datafield><datafield ind1=" " ind2=" " tag="245"><subfield code="a">Reaktor-simulatoren</subfield></datafield><datafield ind1=" " ind2=" " tag="260"><subfield code="a">/Erlangen, Siemens &amp; Halske Aktiengesellschaf, 1958, 10p</subfield></datafield><datafield ind1=" " ind2=" " tag="490"><subfield code="a">Regelungstechnik</subfield></datafield><datafield ind1=" " ind2=" " tag="852"><subfield code="a">5582</subfield></datafield></record></collection>